 @book{Groves2013,
  author    = {Paul D. Groves},
  year      = 2013,
  title     = {Principles of GNSS, Inertial, and Multi-Sensor Integrated Navigation Systems},
  publisher = {Artech House GNSS Library},
  edition   = {2}
}
@book{Noureldin2013,
  author    = {Aboelmagd Noureldin and Tashfeen B. Karamat and Jacques Georgy},
  year      = 2013,
  title     = {Fundamentals of Inertial Navigation, Satellite-based Positioning and their Integration},
  publisher = {Springer}
}
@book{Titterton2004,
  author    = {David H. Titterton and John L. Weston},
  year      = 2004,
  title     = {Strapdown Inertial Navigation Technology},
  publisher = {The Institution of Electrical Engineers},
  edition   = {2}
}
@book{Gleason2009,
  author    = {Scott Gleason and Demoz Gebre-Egziabher},
  year      = 2009,
  title     = {GNSS Applications and Methods},
  publisher = {Artech House GNSS Library},
  isbn      = {978-1-59693-329-3}
}